<record><leader>00000cas a22000007a 4500</leader><controlfield tag="001">13181898</controlfield><controlfield tag="008">860221c19569999wvuwr ne      0   a0eng d</controlfield><datafield ind1=" " ind2=" " tag="010"><subfield code="a">sn 86092249 </subfield></datafield><datafield ind1=" " ind2=" " tag="040"><subfield code="a">WVC</subfield><subfield code="b">eng</subfield><subfield code="c">WVC</subfield><subfield code="d">NSD</subfield><subfield code="d">OCL</subfield><subfield code="d">OCLCQ</subfield></datafield><datafield ind1=" " ind2=" " tag="012"><subfield code="m">1</subfield></datafield><datafield ind1="1" ind2=" " tag="022"><subfield code="a">1063-6978</subfield><subfield code="l">1063-6978</subfield><subfield code="2">1</subfield></datafield><datafield ind1=" " ind2=" " tag="032"><subfield code="a">443420</subfield><subfield code="b">USPS</subfield></datafield><datafield ind1=" " ind2=" " tag="037"><subfield code="b">Preston County News, POB 587, Kingwood, WV 26537</subfield></datafield><datafield ind1=" " ind2=" " tag="042"><subfield code="a">msc</subfield><subfield code="a">nsdp</subfield></datafield><datafield ind1=" " ind2="0" tag="222"><subfield code="a">Preston County news</subfield></datafield><datafield ind1="0" ind2="4" tag="245"><subfield code="a">The Preston County news.</subfield></datafield><datafield ind1=" " ind2=" " tag="260"><subfield code="a">Terra Alta, W. Va. :</subfield><subfield code="b">[Edgar T.] McKee Enterprises, Inc.,</subfield><subfield code="c">1956-</subfield></datafield><datafield ind1=" " ind2=" " tag="300"><subfield code="a">v.</subfield></datafield><datafield ind1=" " ind2=" " tag="310"><subfield code="a">Weekly</subfield></datafield><datafield ind1="0" ind2=" " tag="362"><subfield code="a">Vol. 1, no. 1 (Apr. 17, 1956)-</subfield></datafield><datafield ind1=" " ind2=" " tag="500"><subfield code="a">Publishers: Edgar T. McKee, 1956-Apr., 1957; Thomas G. Slokan, Apr.-Sept., 1957; Ken McClain, Sept., 1957-196u; George A. Smith, Jr., 196u-1971; Gerald Ash &amp; Richard Hopkins, 1971-197u; Robert Teets, 197u-</subfield></datafield><datafield ind1=" " ind2=" " tag="588"><subfield code="a">Latest issue consulted: Vol. 35, issue 51 (May 23, 1992).</subfield></datafield><datafield ind1=" " ind2=" " tag="752"><subfield code="a">United States</subfield><subfield code="b">West Virginia</subfield><subfield code="c">Preston</subfield><subfield code="d">Terra Alta.</subfield></datafield></record>